% Encoding: UTF-8

@book{klabnik2019rust,
  title={The Rust Programming Language},
  author={Klabnik, Steve and Nichols, Carol},
  year={2019},
  publisher={No Starch Press},
  note={Available at: \url{https://doc.rust-lang.org/book/}},
}
@book{chen2016robust,
  title={Robust Multimodal Cognitive Load Measurement},
  author={Chen, Fang and Zhou, Jianlong and Wang, Yang and Yu, Kun and Arshad, Syed Z. and Khawaji, Ahmad and Conway, Dan},
  series={Human--Computer Interaction Series},
  publisher={Springer, Cham},
  year={2016},
  doi={10.1007/978-3-319-31700-7},
  url={https://doi.org/10.1007/978-3-319-31700-7}
}
@book{arpaci-dusseau2014operating,
  title={Operating Systems: Three Easy Pieces},
  author={Arpaci-Dusseau, Remzi H. and Arpaci-Dusseau, Andrea C.},
  year={2014},
  publisher={Arpaci-Dusseau Books},
  note={Chapter: Scheduling Introduction. Available as PDF},
  url={https://pages.cs.wisc.edu/~remzi/OSTEP/}
}
@misc{azure_autoscale_best_practices,
  title={Autoscale Best Practices},
  author={Microsoft},
  url={https://learn.microsoft.com/en-us/azure/architecture/best-practices/auto-scaling},
  note={Accessed: 2024-09-22}
}
@misc{aws_load_balancing,
  title={What is Load Balancing?},
  author={Amazon Web Services},
  url={https://aws.amazon.com/what-is/load-balancing/},
  note={Accessed: 2024-09-22}
}
@misc{azure_autoscale_overview,
  title={Autoscale Overview},
  author={Microsoft},
  url={https://learn.microsoft.com/en-us/azure/azure-monitor/autoscale/autoscale-overview},
  note={Accessed: 2024-09-22}
}
@misc{docker_overview,
  title={Docker Overview},
  author={Docker Inc.},
  url={https://docs.docker.com/get-started/docker-overview/},
  note={Accessed: 2024-09-22}
}
@misc{docker_compose,
  title={About Docker Compose},
  author={Docker Inc.},
  url={https://docs.docker.com/compose/},
  note={Accessed: 2024-09-22}
}
@misc{redis_docs,
  title={Redis Documentation},
  author={Redis},
  url={https://redis.io/docs},
  note={Accessed: 2024-09-22}
}
@article{kendall1953stochastic,
  title={Stochastic Processes Occurring in the Theory of Queues and Their Analysis by the Method of the Imbedded Markov Chain},
  author={Kendall, David G.},
  journal={Annals of Mathematical Statistics},
  volume={24},
  number={3},
  pages={338--354},
  year={1953},
  doi={10.1214/aoms/1177728975},
  url={https://doi.org/10.1214/aoms/1177728975}
}
@online{wikipediacache,
  title     = {Cache (computing)},
  author    = {{Wikipedia contributors}},
  year      = {2024},
  url       = {https://en.wikipedia.org/wiki/Cache_(computing)},
  note      = {Accessed: 2024-09-23}
}
@online{cloudflare2024caching,
  title     = {Caching Static and Dynamic Content: How does it work?},
  author    = {{Cloudflare}},
  year      = {2024},
  url       = {https://www.cloudflare.com/learning/cdn/caching-static-and-dynamic-content/},
  note      = {Accessed: 2024-09-23}
}
@online{rust_vecdeque,
  title     = {VecDeque},
  author    = {{The Rust Project}},
  year      = {2024},
  url       = {https://doc.rust-lang.org/std/collections/struct.VecDeque.html},
  note      = {Accessed: 2024-09-23}
}
@book{tanenbaum2007distributed,
  title     = {Distributed Systems: Principles and Paradigms},
  author    = {Andrew S. Tanenbaum and Maarten Van Steen},
  year      = {2007},
  publisher = {Prentice Hall},
}
@ARTICLE{backpressure,
  author={Abdelzaher, T.F. and Stankovic, J.A. and Chenyang Lu and Ronghua Zhang and Ying Lu},
  journal={IEEE Control Systems Magazine},
  title={Feedback performance control in software services},
  year={2003},
  volume={23},
  number={3},
  pages={74-90},
  keywords={Software performance;Software quality;Quality of service;Application software;Performance analysis;Feedback control;Software systems;Control systems;Embedded software;Availability},
  doi={10.1109/MCS.2003.1200252}
}
@online{docker_bridge_network,
  title     = {Docker Networking},
  author    = {{Docker, Inc.}},
  year      = {2024},
  url       = {https://docs.docker.com/network/bridge/},
  note      = {Accessed: 2024-09-23}
}
@misc{uuid,
  author = "{Wikipedia contributors}",
  title = "Cache (computing) --- {Wikipedia}{,} The Free Encyclopedia",
  year = "2024",
  url = "https://en.wikipedia.org/w/index.php?title=Cache_(computing)&oldid=1246086343",
  note = "[Online; accessed 22-September-2024]"
}
@article{AZAR199473,
  title = {On-line load balancing},
  journal = {Theoretical Computer Science},
  volume = {130},
  number = {1},
  pages = {73-84},
  year = {1994},
  issn = {0304-3975},
  doi = {https://doi.org/10.1016/0304-3975(94)90153-8},
  url = {https://www.sciencedirect.com/science/article/pii/0304397594901538},
  author = {Yossi Azar and Andrei Z. Broder and Anna R. Karlin},
}
@online{encyclopedia_greedy,
  title     = {Greedy Algorithm},
  author    = {{Encyclopedia of Mathematics}},
  year      = {2024},
  url       = {http://encyclopediaofmath.org/index.php?title=Greedy_algorithm&oldid=34629},
  note      = {Accessed: 2024-09-23}
}


